<?xml version="1.0" encoding="UTF-8"?>
  <record xmlns="http://www.loc.gov/MARC21/slim" type="Authority">
    <leader>00000nz  a2200000nc 4500</leader>
    <controlfield tag="001">119072947</controlfield>
    <controlfield tag="003">DE-101</controlfield>
    <controlfield tag="005">20210315074237.0</controlfield>
    <controlfield tag="008">930111n||azznnaabn           | aaa    |c</controlfield>
    <datafield tag="024" ind1="7" ind2=" ">
      <subfield code="a">119072947</subfield>
      <subfield code="0">http://d-nb.info/gnd/119072947</subfield>
      <subfield code="2">gnd</subfield>
    </datafield>
    <datafield tag="035" ind1=" " ind2=" ">
      <subfield code="a">(DE-101)119072947</subfield>
    </datafield>
    <datafield tag="035" ind1=" " ind2=" ">
      <subfield code="a">(DE-588)119072947</subfield>
    </datafield>
    <datafield tag="035" ind1=" " ind2=" ">
      <subfield code="z">(DE-588)108990004X</subfield>
    </datafield>
    <datafield tag="035" ind1=" " ind2=" ">
      <subfield code="z">(DE-588)1089698992</subfield>
    </datafield>
    <datafield tag="035" ind1=" " ind2=" ">
      <subfield code="z">(DE-588)101042450</subfield>
    </datafield>
    <datafield tag="035" ind1=" " ind2=" ">
      <subfield code="z">(DE-588a)101042450</subfield>
      <subfield code="9">v:zg</subfield>
    </datafield>
    <datafield tag="035" ind1=" " ind2=" ">
      <subfield code="z">(DE-588)1089927460</subfield>
    </datafield>
    <datafield tag="035" ind1=" " ind2=" ">
      <subfield code="z">(DE-588)1089911025</subfield>
    </datafield>
    <datafield tag="035" ind1=" " ind2=" ">
      <subfield code="z">(DE-588a)119072947</subfield>
      <subfield code="9">v:zg</subfield>
    </datafield>
    <datafield tag="035" ind1=" " ind2=" ">
      <subfield code="z">(DE-588c)4302956-5</subfield>
      <subfield code="9">v:zg</subfield>
    </datafield>
    <datafield tag="040" ind1=" " ind2=" ">
      <subfield code="a">DE-101</subfield>
      <subfield code="c">DE-101</subfield>
      <subfield code="9">r:DE-101</subfield>
      <subfield code="b">ger</subfield>
      <subfield code="d">8999</subfield>
      <subfield code="e">rda</subfield>
    </datafield>
    <datafield tag="042" ind1=" " ind2=" ">
      <subfield code="a">gnd1</subfield>
    </datafield>
    <datafield tag="043" ind1=" " ind2=" ">
      <subfield code="c">XA-FR</subfield>
    </datafield>
    <datafield tag="065" ind1=" " ind2=" ">
      <subfield code="a">3.6p</subfield>
      <subfield code="2">sswd</subfield>
    </datafield>
    <datafield tag="075" ind1=" " ind2=" ">
      <subfield code="b">p</subfield>
      <subfield code="2">gndgen</subfield>
    </datafield>
    <datafield tag="075" ind1=" " ind2=" ">
      <subfield code="b">piz</subfield>
      <subfield code="2">gndspec</subfield>
    </datafield>
    <datafield tag="079" ind1=" " ind2=" ">
      <subfield code="a">g</subfield>
      <subfield code="q">s</subfield>
      <subfield code="q">f</subfield>
      <subfield code="q">n</subfield>
      <subfield code="q">l</subfield>
      <subfield code="u">v</subfield>
      <subfield code="u">w</subfield>
    </datafield>
    <datafield tag="100" ind1="0" ind2=" ">
      <subfield code="a">Guigo</subfield>
      <subfield code="b">I.</subfield>
      <subfield code="c">Saint-Pierre-de-Chartreuse, Prior</subfield>
      <subfield code="d">1083-1136</subfield>
    </datafield>
    <datafield tag="375" ind1=" " ind2=" ">
      <subfield code="a">1</subfield>
      <subfield code="2">iso5218</subfield>
    </datafield>
    <datafield tag="400" ind1="0" ind2=" ">
      <subfield code="a">Guigo</subfield>
      <subfield code="c">de Castro</subfield>
      <subfield code="d">1083-1136</subfield>
    </datafield>
    <datafield tag="400" ind1="0" ind2=" ">
      <subfield code="a">Guigo</subfield>
      <subfield code="c">von Kastel</subfield>
      <subfield code="d">1083-1136</subfield>
    </datafield>
    <datafield tag="400" ind1="0" ind2=" ">
      <subfield code="a">Guigo</subfield>
      <subfield code="b">I.</subfield>
      <subfield code="c">Carthusiensis</subfield>
      <subfield code="d">1083-1136</subfield>
    </datafield>
    <datafield tag="400" ind1="0" ind2=" ">
      <subfield code="a">Guigo</subfield>
      <subfield code="b">I.</subfield>
      <subfield code="d">1083-1136</subfield>
    </datafield>
    <datafield tag="400" ind1="0" ind2=" ">
      <subfield code="a">Guido</subfield>
      <subfield code="b">I.</subfield>
      <subfield code="c">Carthusiensis</subfield>
      <subfield code="d">1083-1136</subfield>
    </datafield>
    <datafield tag="400" ind1="0" ind2=" ">
      <subfield code="a">Gigo</subfield>
      <subfield code="c">von Kastell</subfield>
      <subfield code="d">1083-1136</subfield>
    </datafield>
    <datafield tag="400" ind1="1" ind2=" ">
      <subfield code="a">Castro, Guigo &#152;de&#156;</subfield>
      <subfield code="d">1083-1136</subfield>
    </datafield>
    <datafield tag="400" ind1="0" ind2=" ">
      <subfield code="a">Guido</subfield>
      <subfield code="c">Carthusiae Maioris Prior</subfield>
      <subfield code="d">1083-1136</subfield>
    </datafield>
    <datafield tag="400" ind1="0" ind2=" ">
      <subfield code="a">Guido</subfield>
      <subfield code="c">Carthusianus</subfield>
      <subfield code="d">1083-1136</subfield>
    </datafield>
    <datafield tag="400" ind1="0" ind2=" ">
      <subfield code="a">Guido</subfield>
      <subfield code="c">de Pinu</subfield>
      <subfield code="d">1083-1136</subfield>
    </datafield>
    <datafield tag="400" ind1="0" ind2=" ">
      <subfield code="a">Guido</subfield>
      <subfield code="c">Duchastel</subfield>
      <subfield code="d">1083-1136</subfield>
    </datafield>
    <datafield tag="400" ind1="0" ind2=" ">
      <subfield code="a">Guigo</subfield>
      <subfield code="c">Carthusiae Maioris Prior</subfield>
      <subfield code="d">1083-1136</subfield>
    </datafield>
    <datafield tag="400" ind1="0" ind2=" ">
      <subfield code="a">Guigo</subfield>
      <subfield code="c">Carthusiensis</subfield>
      <subfield code="d">1083-1136</subfield>
    </datafield>
    <datafield tag="400" ind1="0" ind2=" ">
      <subfield code="a">Guigo</subfield>
      <subfield code="c">Carthusianus</subfield>
      <subfield code="d">1083-1136</subfield>
    </datafield>
    <datafield tag="400" ind1="0" ind2=" ">
      <subfield code="a">Guigo</subfield>
      <subfield code="c">Certosiano</subfield>
      <subfield code="d">1083-1136</subfield>
    </datafield>
    <datafield tag="400" ind1="0" ind2=" ">
      <subfield code="a">Guigo</subfield>
      <subfield code="c">de Castro Novo</subfield>
      <subfield code="d">1083-1136</subfield>
    </datafield>
    <datafield tag="400" ind1="0" ind2=" ">
      <subfield code="a">Guigo</subfield>
      <subfield code="c">de Pinu</subfield>
      <subfield code="d">1083-1136</subfield>
    </datafield>
    <datafield tag="400" ind1="0" ind2=" ">
      <subfield code="a">Guigo</subfield>
      <subfield code="c">der Karthäuserprior</subfield>
      <subfield code="d">1083-1136</subfield>
    </datafield>
    <datafield tag="400" ind1="0" ind2=" ">
      <subfield code="a">Guigue</subfield>
      <subfield code="c">l'Ancien</subfield>
      <subfield code="d">1083-1136</subfield>
    </datafield>
    <datafield tag="400" ind1="0" ind2=" ">
      <subfield code="a">Guigues</subfield>
      <subfield code="c">de la Grande-Chartreuse</subfield>
      <subfield code="d">1083-1136</subfield>
    </datafield>
    <datafield tag="400" ind1="0" ind2=" ">
      <subfield code="a">Guigues</subfield>
      <subfield code="c">du Chastel</subfield>
      <subfield code="d">1083-1136</subfield>
    </datafield>
    <datafield tag="400" ind1="0" ind2=" ">
      <subfield code="a">Guigues</subfield>
      <subfield code="c">du Châtel</subfield>
      <subfield code="d">1083-1136</subfield>
    </datafield>
    <datafield tag="400" ind1="0" ind2=" ">
      <subfield code="a">Guigues</subfield>
      <subfield code="c">du Pin</subfield>
      <subfield code="d">1083-1136</subfield>
    </datafield>
    <datafield tag="400" ind1="0" ind2=" ">
      <subfield code="a">Guigues</subfield>
      <subfield code="c">le Chartreux</subfield>
      <subfield code="d">1083-1136</subfield>
    </datafield>
    <datafield tag="400" ind1="0" ind2=" ">
      <subfield code="a">Guigue</subfield>
      <subfield code="c">le Chartreux</subfield>
      <subfield code="d">1083-1136</subfield>
    </datafield>
    <datafield tag="400" ind1="0" ind2=" ">
      <subfield code="a">Wido</subfield>
      <subfield code="c">de Castro</subfield>
      <subfield code="d">1083-1136</subfield>
    </datafield>
    <datafield tag="400" ind1="0" ind2=" ">
      <subfield code="a">Wigo</subfield>
      <subfield code="c">de Castro</subfield>
      <subfield code="d">1083-1136</subfield>
    </datafield>
    <datafield tag="400" ind1="0" ind2=" ">
      <subfield code="a">Guigo</subfield>
      <subfield code="c">Cartusiensis</subfield>
      <subfield code="d">1083-1136</subfield>
    </datafield>
    <datafield tag="400" ind1="0" ind2=" ">
      <subfield code="a">Wigo</subfield>
      <subfield code="c">de Pino</subfield>
      <subfield code="d">1083-1136</subfield>
    </datafield>
    <datafield tag="400" ind1="0" ind2=" ">
      <subfield code="a">Guigo</subfield>
      <subfield code="c">du Chastel</subfield>
      <subfield code="d">1083-1136</subfield>
    </datafield>
    <datafield tag="400" ind1="0" ind2=" ">
      <subfield code="a">Guigo</subfield>
      <subfield code="c">von Chastel</subfield>
      <subfield code="d">1083-1136</subfield>
    </datafield>
    <datafield tag="400" ind1="0" ind2=" ">
      <subfield code="a">Guigo</subfield>
      <subfield code="c">der Kartäuser</subfield>
      <subfield code="d">1083-1136</subfield>
    </datafield>
    <datafield tag="400" ind1="0" ind2=" ">
      <subfield code="a">Guigo</subfield>
      <subfield code="c">von Kastell</subfield>
      <subfield code="d">1083-1136</subfield>
    </datafield>
    <datafield tag="400" ind1="0" ind2=" ">
      <subfield code="a">Guigues</subfield>
      <subfield code="c">de Saint Romain</subfield>
      <subfield code="d">1083-1136</subfield>
    </datafield>
    <datafield tag="400" ind1="0" ind2=" ">
      <subfield code="a">Wigo</subfield>
      <subfield code="c">Magnus</subfield>
      <subfield code="d">1083-1136</subfield>
    </datafield>
    <datafield tag="400" ind1="1" ind2=" ">
      <subfield code="a">Magnus, Wigo</subfield>
      <subfield code="d">1083-1136</subfield>
    </datafield>
    <datafield tag="400" ind1="0" ind2=" ">
      <subfield code="a">Guigo</subfield>
      <subfield code="c">Magnus</subfield>
      <subfield code="d">1083-1136</subfield>
    </datafield>
    <datafield tag="400" ind1="0" ind2=" ">
      <subfield code="a">Magnus</subfield>
      <subfield code="c">Wigo</subfield>
      <subfield code="d">1083-1136</subfield>
    </datafield>
    <datafield tag="400" ind1="1" ind2=" ">
      <subfield code="a">Wigo, Magnus</subfield>
      <subfield code="d">1083-1136</subfield>
    </datafield>
    <datafield tag="400" ind1="0" ind2=" ">
      <subfield code="a">Guigo</subfield>
      <subfield code="b">I.</subfield>
      <subfield code="c">Kartäuserorden, Generalminister</subfield>
      <subfield code="d">1083-1136</subfield>
    </datafield>
    <datafield tag="510" ind1="2" ind2=" ">
      <subfield code="0">(DE-101)004101863</subfield>
      <subfield code="0">(DE-588)1017943-4</subfield>
      <subfield code="0">https://d-nb.info/gnd/1017943-4</subfield>
      <subfield code="a">Kartäuser</subfield>
      <subfield code="4">affi</subfield>
      <subfield code="4">https://d-nb.info/standards/elementset/gnd#affiliation</subfield>
      <subfield code="w">r</subfield>
      <subfield code="i">Affiliation</subfield>
      <subfield code="e">Affiliation</subfield>
    </datafield>
    <datafield tag="510" ind1="2" ind2=" ">
      <subfield code="0">(DE-101)974920614</subfield>
      <subfield code="0">(DE-588)10103137-3</subfield>
      <subfield code="0">https://d-nb.info/gnd/10103137-3</subfield>
      <subfield code="a">&#152;La&#156; Grande Chartreuse</subfield>
      <subfield code="g">Körperschaft</subfield>
      <subfield code="4">affi</subfield>
      <subfield code="4">https://d-nb.info/standards/elementset/gnd#affiliation</subfield>
      <subfield code="w">r</subfield>
      <subfield code="i">Affiliation</subfield>
      <subfield code="e">Affiliation</subfield>
    </datafield>
    <datafield tag="548" ind1=" " ind2=" ">
      <subfield code="a">1083-1136</subfield>
      <subfield code="4">datl</subfield>
      <subfield code="4">https://d-nb.info/standards/elementset/gnd#dateOfBirthAndDeath</subfield>
      <subfield code="w">r</subfield>
      <subfield code="i">Lebensdaten</subfield>
      <subfield code="9">v:Geburtsjahr ca.; abweichendes Todesjahr 1137</subfield>
    </datafield>
    <datafield tag="548" ind1=" " ind2=" ">
      <subfield code="a">XX.XX.1083-27.07.1136</subfield>
      <subfield code="4">datx</subfield>
      <subfield code="4">https://d-nb.info/standards/elementset/gnd#dateOfBirthAndDeath</subfield>
      <subfield code="w">r</subfield>
      <subfield code="i">Exakte Lebensdaten</subfield>
    </datafield>
    <datafield tag="550" ind1=" " ind2=" ">
      <subfield code="0">(DE-101)042685567</subfield>
      <subfield code="0">(DE-588)4268556-4</subfield>
      <subfield code="0">https://d-nb.info/gnd/4268556-4</subfield>
      <subfield code="a">Prior</subfield>
      <subfield code="4">berc</subfield>
      <subfield code="4">https://d-nb.info/standards/elementset/gnd#professionOrOccupation</subfield>
      <subfield code="w">r</subfield>
      <subfield code="i">Charakteristischer Beruf</subfield>
    </datafield>
    <datafield tag="550" ind1=" " ind2=" ">
      <subfield code="0">(DE-101)948788623</subfield>
      <subfield code="0">(DE-588)4426643-1</subfield>
      <subfield code="0">https://d-nb.info/gnd/4426643-1</subfield>
      <subfield code="a">Generaloberer</subfield>
      <subfield code="4">beru</subfield>
      <subfield code="4">https://d-nb.info/standards/elementset/gnd#professionOrOccupation</subfield>
      <subfield code="w">r</subfield>
      <subfield code="i">Beruf</subfield>
    </datafield>
    <datafield tag="550" ind1=" " ind2=" ">
      <subfield code="0">(DE-101)040399028</subfield>
      <subfield code="0">(DE-588)4039902-3</subfield>
      <subfield code="0">https://d-nb.info/gnd/4039902-3</subfield>
      <subfield code="a">Mönch</subfield>
      <subfield code="4">beru</subfield>
      <subfield code="4">https://d-nb.info/standards/elementset/gnd#professionOrOccupation</subfield>
      <subfield code="w">r</subfield>
      <subfield code="i">Beruf</subfield>
    </datafield>
    <datafield tag="551" ind1=" " ind2=" ">
      <subfield code="a">Burg Saint-Romain-du-Valmordane</subfield>
      <subfield code="4">ortg</subfield>
      <subfield code="4">https://d-nb.info/standards/elementset/gnd#placeOfBirth</subfield>
      <subfield code="w">r</subfield>
      <subfield code="i">Geburtsort</subfield>
    </datafield>
    <datafield tag="667" ind1=" " ind2=" ">
      <subfield code="a">Nicht verwechseln mit Guigo Cartusianus, gest. 1193, 9. Prior der Grande Chartreuse</subfield>
    </datafield>
    <datafield tag="670" ind1=" " ind2=" ">
      <subfield code="a">LexMA Online</subfield>
      <subfield code="b">Stand: 15.03.2021</subfield>
      <subfield code="u">http://apps.brepolis.net.00120fly00d2.emedia1.bsb-muenchen.de/lexiema/test/Default2.aspx</subfield>
    </datafield>
    <datafield tag="670" ind1=" " ind2=" ">
      <subfield code="a">LexMA, Band 4, Spalten 1776/77</subfield>
    </datafield>
    <datafield tag="670" ind1=" " ind2=" ">
      <subfield code="a">Rep.Font.,V,287/288</subfield>
    </datafield>
    <datafield tag="670" ind1=" " ind2=" ">
      <subfield code="a">Hist. Lex. Bayerns Online</subfield>
    </datafield>
    <datafield tag="672" ind1=" " ind2="0">
      <subfield code="a">Consuetudines Cartusiae</subfield>
    </datafield>
    <datafield tag="672" ind1=" " ind2="0">
      <subfield code="a">Vita S. Hugonis</subfield>
    </datafield>
    <datafield tag="672" ind1=" " ind2="0">
      <subfield code="a">476 Meditationes</subfield>
    </datafield>
    <datafield tag="672" ind1=" " ind2="0">
      <subfield code="a">9 Epistulae</subfield>
    </datafield>
    <datafield tag="672" ind1=" " ind2="0">
      <subfield code="a">Tonale</subfield>
    </datafield>
    <datafield tag="672" ind1=" " ind2="0">
      <subfield code="a">Reinheit des Herzens (Tagebuch)</subfield>
    </datafield>
    <datafield tag="672" ind1=" " ind2="0">
      <subfield code="a">De Vera Sapientia Virtute Et Tranquillitate Animi Enchiridion DD. Eucherii Lugdunensis, Martini Bracarensis, &amp; Magni Wigonis, Antistitum. - 1639</subfield>
    </datafield>
    <datafield tag="672" ind1=" " ind2="0">
      <subfield code="a">De Vera Sapientia, Vera Virtute, Et Tranquillitate Animi, SS. Eucherii Lugdunensis, Martini Bracarensis, Et Magni Wigonis, Antistitum. - 1671</subfield>
    </datafield>
    <datafield tag="678" ind1=" " ind2=" ">
      <subfield code="b">5. Prior der Grande Chartreuse (1109-1136)</subfield>
    </datafield>
    <datafield tag="913" ind1=" " ind2=" ">
      <subfield code="S">pnd</subfield>
      <subfield code="i">5</subfield>
      <subfield code="a">Guigo &lt;de Castro&gt;</subfield>
      <subfield code="0">(DE-588a)119072947</subfield>
    </datafield>
    <datafield tag="913" ind1=" " ind2=" ">
      <subfield code="S">pnd</subfield>
      <subfield code="i">5</subfield>
      <subfield code="a">Guigo &lt;von Kastell&gt;</subfield>
      <subfield code="0">(DE-588a)119072947</subfield>
    </datafield>
    <datafield tag="913" ind1=" " ind2=" ">
      <subfield code="S">pnd</subfield>
      <subfield code="i">5</subfield>
      <subfield code="a">Magnus &lt;Wigo&gt;</subfield>
      <subfield code="0">(DE-588a)101042450</subfield>
    </datafield>
  </record>
